<?xml version="1.0" encoding="UTF-8"?><collection xmlns="http://www.loc.gov/MARC21/slim"><record><leader>00472nam--2200169-i-4500</leader><controlfield tag="001">000047392</controlfield><controlfield tag="002">20161230</controlfield><controlfield tag="005">20161230201046</controlfield><controlfield tag="008">060222s1000------------r-----000-0-eng-d</controlfield><datafield ind1=" " ind2=" " tag="040"><subfield code="a">IFIN-HH</subfield></datafield><datafield ind1=" " ind2=" " tag="080"><subfield code="a">539.12.01</subfield></datafield><datafield ind1="1" ind2=" " tag="100"><subfield code="a">Wigner, Eugene P</subfield></datafield><datafield ind1="1" ind2="0" tag="245"><subfield code="a">Symmetries and reflections</subfield><subfield code="b">Scientific essays of</subfield><subfield code="c">Eugene p. wigner</subfield></datafield><datafield ind1=" " ind2=" " tag="260"><subfield code="a">Bloomington</subfield><subfield code="b">Indiana University Press</subfield><subfield code="c">1967</subfield></datafield><datafield ind1=" " ind2=" " tag="300"><subfield code="a">VIII + 280 P</subfield></datafield><datafield ind1=" " ind2=" " tag="852"><subfield code="a">29035</subfield><subfield code="c">539.12</subfield></datafield><datafield ind1=" " ind2=" " tag="CAT"><subfield code="a">Sys</subfield><subfield code="c">20111116</subfield><subfield code="h">120804</subfield></datafield></record></collection>